<marc:record>
        <marc:leader>03323cam a2200601 a 4500</marc:leader>
        <marc:controlfield tag="001">200026</marc:controlfield>
        <marc:controlfield tag="005">20141120171114.0</marc:controlfield>
        <marc:controlfield tag="008">860115s1769    enk           00000 eng d</marc:controlfield>
        <marc:datafield ind1=" " ind2=" " tag="035">
            <marc:subfield code="a">(OCoLC)ocm16114747</marc:subfield></marc:datafield>
        <marc:datafield ind1=" " ind2=" " tag="035">
            <marc:subfield code="a">(OCoLC)16114747</marc:subfield>
        </marc:datafield>
        <marc:datafield ind1=" " ind2=" " tag="035">
            <marc:subfield code="a">(CStRLIN)PAUG86-B1713</marc:subfield>
        </marc:datafield>
        <marc:datafield ind1=" " ind2=" " tag="035">
            <marc:subfield code="a">(CaOTULAS)121277800</marc:subfield>
        </marc:datafield>
        <marc:datafield ind1=" " ind2=" " tag="035">
            <marc:subfield code="9">ABC4996</marc:subfield>
        </marc:datafield>
        <marc:datafield ind1=" " ind2=" " tag="035">
            <marc:subfield code="a">200026</marc:subfield>
        </marc:datafield>
        <marc:datafield ind1=" " ind2=" " tag="040">
            <marc:subfield code="a">CU-BANC</marc:subfield>
            <marc:subfield code="c">CU-BANC</marc:subfield>
            <marc:subfield code="d">PU</marc:subfield>
        </marc:datafield>
        <marc:datafield ind1=" " ind2=" " tag="090">
            <marc:subfield code="a">PR3291.A1</marc:subfield>
            <marc:subfield code="b">M595 1769b</marc:subfield>
            <marc:subfield code="i">01/15/86 CT</marc:subfield>
        </marc:datafield>
        <marc:datafield ind1="0" ind2="4" tag="245">
            <marc:subfield code="a">The Modern wife :</marc:subfield>
            <marc:subfield code="b">a novel, in two volumes.</marc:subfield>
        </marc:datafield>
        <marc:datafield ind1="0" ind2="4" tag="246">
            <marc:subfield code="a">The modern wife. A novel. In two volumes. The second edition. Vol. I.</marc:subfield>
            <marc:subfield code="d">Letter-press</marc:subfield>
            <marc:subfield code="g">Full</marc:subfield>
            <marc:subfield code="x">Volume</marc:subfield>
            <marc:subfield code="v">v.1</marc:subfield>
        </marc:datafield>
        <marc:datafield ind1="0" ind2="4" tag="246">
            <marc:subfield code="a">The modern wife. A novel. In two volumes. The second edition. Vol. II.</marc:subfield>
            <marc:subfield code="d">Letter-press</marc:subfield>
            <marc:subfield code="g">Full</marc:subfield>
            <marc:subfield code="x">Volume</marc:subfield>
            <marc:subfield code="v">v.2</marc:subfield>
        </marc:datafield>
        <marc:datafield ind1="0" ind2="7" tag="246">
            <marc:subfield code="a">The modern wife.</marc:subfield>
            <marc:subfield code="v">v.1</marc:subfield>
            <marc:subfield code="v">v.2</marc:subfield>
        </marc:datafield>
        <marc:datafield ind1="0" ind2="7" tag="246">
            <marc:subfield code="a">The modern wife. (recto)</marc:subfield>
            <marc:subfield code="a">The modern wife. (verso)</marc:subfield>
            <marc:subfield code="v">v.1</marc:subfield>
            <marc:subfield code="v">v.2</marc:subfield>
        </marc:datafield>
        <marc:datafield ind1=" " ind2=" " tag="250">
            <marc:subfield code="a">The second edition.</marc:subfield>
            <marc:subfield code="b">Second edition.</marc:subfield>
        </marc:datafield>
        <marc:datafield ind1=" " ind2=" " tag="260">
            <marc:subfield code="a">London,</marc:subfield>
            <marc:subfield code="b">Printed for T. Lowndes, at no. 77, in Fleet-Street.</marc:subfield>
            <marc:subfield code="c">MDCCLXIX.</marc:subfield>
            <marc:subfield code="c">1769.</marc:subfield>
        </marc:datafield>
        <marc:datafield ind1=" " ind2=" " tag="300">
            <marc:subfield code="a">2 v. ;</marc:subfield>
            <marc:subfield code="c">18 cm. (12mo)</marc:subfield>
            <marc:subfield code="x">Duodecimo</marc:subfield>
            <marc:subfield code="z">In two volumes.</marc:subfield>
            <marc:subfield code="a">[2 v.]</marc:subfield>
        </marc:datafield>
        <marc:datafield ind1=" " ind2=" " tag="500">
            <marc:subfield code="a">First edition published in 1769.</marc:subfield>
        </marc:datafield>
        <marc:datafield ind1=" " ind2=" " tag="500">
            <marc:subfield code="a">Library-related marginalia; pencil; words and numbers; verso back free endpaper; v.1 and v.2.</marc:subfield>
        </marc:datafield>
        <marc:datafield ind1=" " ind2=" " tag="500">
            <marc:subfield code="a">Bookplate located front paste-down endpaper, v.1 and v.2--&quot;&quot;E. L. &amp; H. Lloyd.&quot;</marc:subfield>
        </marc:datafield>
        <marc:datafield ind1=" " ind2=" " tag="500">
            <marc:subfield code="a">Bookplate located recto front free endpaper, v.1 and v.2--&quot;&quot;Er[x?] libris T. Witton Davies.&quot;&quot; Words written in what seems like the Cyrillic alphabet printed beneath T. Witton Davies.&quot;</marc:subfield>
        </marc:datafield>
        <marc:datafield ind1=" " ind2=" " tag="500">
            <marc:subfield code="a">Lacking sufficient information to determine identity of H. Lloyd--author (bookplate)-- and authorize through VIAF. E. L. Lloyd--author (bookplate)-- likely Eliza L. Lloyd of ink inscription.</marc:subfield>
        </marc:datafield>
        <marc:datafield ind1=" " ind2=" " tag="500">
            <marc:subfield code="a">Dialogue indicated by double quotation marks and dashes.</marc:subfield>
        </marc:datafield>
        <marc:datafield ind1=" " ind2=" " tag="500">
            <marc:subfield code="a">Names truncated and anonymized with dashes, i.e.: &quot;&quot;Lady G---&quot;&quot; (p.43, v.1).&quot;</marc:subfield>
        </marc:datafield>
        <marc:datafield ind1="4" ind2=" " tag="510">
            <marc:subfield code="a">ESTC</marc:subfield>
            <marc:subfield code="c">T-125304</marc:subfield>
        </marc:datafield>
        <marc:datafield ind1="4" ind2=" " tag="510">
            <marc:subfield code="a">Raven, J.  British fiction, 1750-1770,</marc:subfield>
            <marc:subfield code="c">1190</marc:subfield>
        </marc:datafield>
        <marc:datafield ind1=" " ind2=" " tag="592">
            <marc:subfield code="a">Epistolary</marc:subfield>
        </marc:datafield>
        <marc:datafield ind1=" " ind2=" " tag="594">
            <marc:subfield code="a">Eliz S Lloyd</marc:subfield>
            <marc:subfield code="b">Ink</marc:subfield>
            <marc:subfield code="x">Located title page</marc:subfield>
            <marc:subfield code="v">v.1</marc:subfield>
            <marc:subfield code="v">v.2</marc:subfield>
        </marc:datafield>
        <marc:datafield ind1=" " ind2=" " tag="595">
            <marc:subfield code="a">Pencil</marc:subfield>
            <marc:subfield code="b">Numbers</marc:subfield>
            <marc:subfield code="b">Words</marc:subfield>
            <marc:subfield code="x">Located front paste-down endpaper</marc:subfield>
            <marc:subfield code="v">v.1</marc:subfield>
            <marc:subfield code="v">v.2</marc:subfield>
        </marc:datafield>
        <marc:datafield ind1=" " ind2=" " tag="595">
            <marc:subfield code="a">Pencil</marc:subfield>
            <marc:subfield code="b">Numbers</marc:subfield>
            <marc:subfield code="x">Marked on bookplate, recto front free endpaper</marc:subfield>
            <marc:subfield code="v">v.1</marc:subfield>
            <marc:subfield code="v">v.2</marc:subfield>
        </marc:datafield>
        <marc:datafield ind1=" " ind2=" " tag="595">
            <marc:subfield code="a">Pencil</marc:subfield>
            <marc:subfield code="b">Reader markings</marc:subfield>
            <marc:subfield code="x">A leafy vine has been sketched, verso front free endpaper</marc:subfield>
            <marc:subfield code="v">v.1</marc:subfield>
        </marc:datafield>
        <marc:datafield ind1=" " ind2=" " tag="595">
            <marc:subfield code="a">Pencil</marc:subfield>
            <marc:subfield code="b">Reader markings</marc:subfield>
            <marc:subfield code="x">The profile of a face has been sketched on the front paste-down endpaper beneath the bookplate.</marc:subfield>
            <marc:subfield code="v">v.2</marc:subfield>
        </marc:datafield>
        <marc:datafield ind1=" " ind2="4" tag="650">
            <marc:subfield code="a">CHR 1769</marc:subfield>
        </marc:datafield>
        <marc:datafield ind1=" " ind2="4" tag="650">
            <marc:subfield code="a">PRO Lloyd, Elizabeth S. (autograph &amp; bookplate)</marc:subfield>
        </marc:datafield>
        <marc:datafield ind1=" " ind2="4" tag="650">
            <marc:subfield code="a">PRO Davies, T. Witton (bookplate)</marc:subfield>
        </marc:datafield>
        <marc:datafield ind1=" " ind2="4" tag="650">
            <marc:subfield code="a">PRO Mendenhall, John C. (donor)</marc:subfield>
        </marc:datafield>
        <marc:datafield ind1=" " ind2=" " tag="656">
            <marc:subfield code="a">Mixed</marc:subfield>
            <marc:subfield code="b">Back</marc:subfield>
            <marc:subfield code="c">Same publisher</marc:subfield>
            <marc:subfield code="v">v.1</marc:subfield>
            <marc:subfield code="x">9 page list of works published by T. Lowndes.</marc:subfield>
        </marc:datafield>
        <marc:datafield ind1=" " ind2=" " tag="700">
            <marc:subfield code="a">Lloyd, Eliz S</marc:subfield>
            <marc:subfield code="4">Inscribed  by</marc:subfield>
            <marc:subfield code="5">Unauthorized</marc:subfield>
        </marc:datafield>
        <marc:datafield ind1=" " ind2=" " tag="700">
            <marc:subfield code="a">Lowndes, Thomas</marc:subfield>
            <marc:subfield code="d">1719-1784</marc:subfield>
            <marc:subfield code="4">Inscribed  by</marc:subfield>
            <marc:subfield code="5">Unauthorized</marc:subfield>
        </marc:datafield>
        <marc:datafield ind1="2" ind2=" " tag="710">
            <marc:subfield code="a">Collection of British and American Fiction, 1660-1830 (University of Pennsylvania)</marc:subfield>
            <marc:subfield code="5">PU</marc:subfield>
        </marc:datafield>
        <marc:datafield ind1="2" ind2=" " tag="710">
            <marc:subfield code="a">Early Novels</marc:subfield>
            <marc:subfield code="5">University of Pennsylvania</marc:subfield>
        </marc:datafield>
        <marc:datafield ind1=" " ind2=" " tag="752">
            <marc:subfield code="a">England</marc:subfield>
            <marc:subfield code="d">London.</marc:subfield>
        </marc:datafield>
        <marc:datafield ind1=" " ind2=" " tag="950">
            <marc:subfield code="l">RBC</marc:subfield>
            <marc:subfield code="e">\\\\Singer-\\Menden-\\hall\\</marc:subfield>
            <marc:subfield code="v">2 v.</marc:subfield>
            <marc:subfield code="i">01/15/86 C</marc:subfield>
        </marc:datafield>
        <marc:datafield ind1=" " ind2=" " tag="955">
            <marc:subfield code="l">RBC</marc:subfield>
            <marc:subfield code="c">1:(v.1-2)</marc:subfield>
            <marc:subfield code="q">50-1378</marc:subfield>
            <marc:subfield code="s">g. John C. Mendenhall</marc:subfield>
            <marc:subfield code="i">01/15/86 C</marc:subfield>
        </marc:datafield>
        <marc:datafield ind1=" " ind2=" " tag="989">
            <marc:subfield code="3">Modern</marc:subfield>
            <marc:subfield code="2">Wife</marc:subfield>
            <marc:subfield code="3">Two</marc:subfield>
            <marc:subfield code="2">Volume</marc:subfield>
            <marc:subfield code="3">Second</marc:subfield>
            <marc:subfield code="2">Edition</marc:subfield>
        </marc:datafield>
        <marc:datafield ind1=" " ind2=" " tag="999">
            <marc:subfield code="a">KGP</marc:subfield>
            <marc:subfield code="b">6/30/15</marc:subfield>
            <marc:subfield code="c">Haverford College</marc:subfield>
            <marc:subfield code="d">MH</marc:subfield>
        </marc:datafield>
    </marc:record>